@online{Curiosity,
    author = {The Planetary Society},
    title = {Cost of MSL Curiosity},
    year = 2020
    url  = {https://www.planetary.org/space-policy},
    urldate = {2023-04-30}"
}

@online{Voyager,
    author = {Space Daily},
    title = {Voyager},
    year = 2020
    url  = {https://www.astronautix.com/v/voyager.html},
    urldate = {2023-04-30}
}

 @article{burk_2005, title={Attitude control performance during cassini trajectory correction maneuvers}, DOI={10.2514/6.2005-6270}, journal={AIAA Guidance, Navigation, and Control Conference and Exhibit}, author={Burk, Thomas}, year={2005}}
 
 @article{goodson_gray_hahn_peralta_1998, title={Cassini maneuver experience - launch and Early Cruise}, DOI={10.2514/6.1998-4224}, journal={Guidance, Navigation, and Control Conference and Exhibit}, author={Goodson, Troy and Gray, Donald and Hahn, Yungsun and Peralta, Fernando}, year={1998}}
 
 @inbook{curtis_2020, place={Oxford, OX5}, title={CHAPTER 13 ROCKET VEHICLE DYNAMICS}, booktitle={Orbital Mechanics for Engineering Students}, publisher={Elsevier}, author={Curtis, Howard}, year={2020}, pages={710–711}}
 
 @inbook{fisher_rahman_2009, place={Washington, DC, DC}, title={Chapter Three}, booktitle={Remembering the Giants: Apollo Rocket Propulsion Development}, publisher={National Aeronautics and Space Administration, NASA History Division, Office of External Relations}, author={Fisher, Steven C. and Rahman, Shamim A.}, year={2009}, pages={45–45}}
 
 @online{bailey_2018, title={Uplink: Innovation — Accion Systems: The near future of in-space propulsion}, url={http://www.satmagazine.com/story.php?number=825519252#:~:text=The%20Centaur%20upper%20stage%2C%20commonly,an%20Isp%20of%20312%20seconds}, journal={Satmagazine}, author={Bailey, Natalya}, year={2018}, month={Sep}}
 
 @online{braeunig_2008, title={ROCKET PROPELLANTS}, url={http://www.braeunig.us/space/propel.htm}, journal={Basics of space flight: Rocket propellants}, author={Braeunig, Robert}, year={2008}}
 
 @online{isbell_savage_o’donnell_murrill_diller_1997, title={Cassini-Huygens - Saturn missions - NASA Jet Propulsion Laboratory}, url={https://www.jpl.nasa.gov/missions/cassini-huygens}, journal={Cassini Launch}, publisher={NASA}, author={Isbell, Douglas and Savage, Donald and O’Donnell, Franklin and Murrill, Mary Beth and Diller, George}, year={1997}, month={Oct}}
 
 @online{mahaffy_2004, title={Cassini: The Spacecraft}, url={https://attic.gsfc.nasa.gov/huygensgcms/Cassini.htm}, journal={Cassini Spacecraft}, publisher={NASA}, author={Mahaffy, Paul}, year={2004}, month={Jun}}
 
 @online{sninsky_2022, title={Standard Prices for Aerospace Energy Category Items}, url={https://www.dla.mil/Energy/Business/Standard-Prices/}, journal={The Nation's Combat Logistics Support Agency}, author={Sninsky, Richard}, year={2022}, month={Sep}}
 
 @online{wilson_2020, title={Aerojet Rocketdyne | at the center of Defense and Discovery}, url={https://www.rocket.com/sites/default/files/documents/In-Space%20Data%20Sheets%204.8.20.pdf}, journal={In-Space Propulsion Data Sheets}, author={Wilson, Fred}, year={2020}, month={Apr}}

  @online{NASA, title={Solar System Exploration - Titan}, url={https://solarsystem.nasa.gov/moons/saturn-moons/titan/in-depth/}, journal={Solar System Exploration}, publisher={NASA}, author={Phil Davis &amp; Steve Carney}, year={2023}, month={April}}

  @online{Springer, title={The Huygens Probe System Design}, url={https://link.springer.com/article/10.1023/A:1023648925732}, journal={Space Science Reviews}, publisher={Springer}, author={K.C. Clausen, H. Hassan, M. Verdant, P. Couzin, G. Huttin, M. Brisson, C. Sollazzo & J.-P. Lebreton }, year={2002}, month={July}}

  @online{Educational, title={THE HUYGENS PROBE LANDS ON TITAN}, url={https://solarsystem.nasa.gov/moons/saturn-moons/titan/in-depth}, journal={EESA}, publisher={EESA}, author={uncredited}, year={2019}, month={September}}
  
  @online{NASA1, title={Solar System Exploration - Titan}, url={https://solarsystem.nasa.gov/moons/saturn-moons/titan/in-depth/}, journal={Solar System Exploration}, publisher={NASA}, author={Phil Davis &amp; Steve Carney}, year={2023}, month={April}}

  @online{NASA-Exploration, title={Solar System Exploration - Titan}, url={https://solarsystem.nasa.gov/moons/saturn-moons/titan/in-depth/}, journal={Solar System Exploration}, publisher={NASA}, author={Phil Davis &amp; Steve Carney}, year={2023}, month={April}}

  @online{NASA-Power, title={Electrical Power}, url={https://mars.nasa.gov/msl/spacecraft/rover/power/}, journal={Power}, publisher={NASA}, author={uncredited}, year={2023}, month={April}}

  @online{NASA-Resources, title={Internal Resources}, url={https://mars.nasa.gov/internal_resources/788}, journal={Resources}, publisher={NASA}, author={uncredited}, year={2023}, month={April}}

  @online{NASA-Cameras, title={Cameras}, url={https://mars.nasa.gov/msl/spacecraft/rover/cameras}, journal={Cameras}, publisher={NASA}, author={uncredited}, year={2023}, month={April}}

  @online{NASA-Communications, title={Communications}, url={https://mars.nasa.gov/msl/spacecraft/rover/communication}, journal={Communications}, publisher={NASA}, author={uncredited}, year={2023}, month={April}}

  @online{NASA-Basics_of_Space_Flight, title={Basics of Space Flight}, url={https://solarsystem.nasa.gov/basics/chapter6-3}, journal={Basics of Space Flight}, publisher={NASA}, author={uncredited}, year={2023}, month={April}}

  @online{NASA-NSSDCA, title={spacecraft - details}, url={https://nssdc.gsfc.nasa.gov/nmc/spacecraft/display.action?id=1977-084A.}, journal={Spacecraft Details}, publisher={NASA}, author={uncredited}, year={2023}, month={April}}

  @online{ESA, title={Communicating from space: gaining a grip on antennas}, url={https://www.esa.int/Science_Exploration/Space_Science/Rosetta/Communicating_from_space_gaining_a_grip_on_antennas2#:~:text=So%2C%20a%20high%2Dgain%20antenna,a%20ground%20station%20is%20weaker.
  }, journal={Space and Exploration}, publisher={The European Space Agency}, author={uncredited}, year={2004}, month={April}}

@online{taylor_2015, title={SPACEX CRS-6 MISSION}, url={https://www.nasa.gov/sites/default/files/files/SpaceX_NASA_CRS-6_PressKit-2.pdf}, journal={NASA}, author={Taylor, John}, year={2015}, month={Apr}} 